<record><leader>00000cas a22000007a 4500</leader><controlfield tag="001">31849389</controlfield><controlfield tag="008">950118d19701977vaudr ne      0    0eng d</controlfield><datafield ind1=" " ind2=" " tag="010"><subfield code="a">sn 95079483 </subfield></datafield><datafield ind1=" " ind2=" " tag="040"><subfield code="a">NVK</subfield><subfield code="b">eng</subfield><subfield code="c">NVK</subfield><subfield code="d">OCLCQ</subfield><subfield code="d">DLC</subfield><subfield code="d">OCLCF</subfield></datafield><datafield ind1="1" ind2=" " tag="029"><subfield code="a">AU@</subfield><subfield code="b">000011527074</subfield></datafield><datafield ind1=" " ind2=" " tag="042"><subfield code="a">msc</subfield></datafield><datafield ind1=" " ind2=" " tag="043"><subfield code="a">n-us-va</subfield></datafield><datafield ind1="0" ind2=" " tag="130"><subfield code="a">World news (Roanoke, Va. : 1970 : Daily)</subfield></datafield><datafield ind1="1" ind2="4" tag="245"><subfield code="a">The World-news.</subfield></datafield><datafield ind1="1" ind2="3" tag="246"><subfield code="a">Roanoke times &amp; world-news</subfield><subfield code="f">v. 1, no. 10 (Sept. 4, 1976)-v. 2, no. 26 (Mar. 26, 1977)</subfield></datafield><datafield ind1=" " ind2=" " tag="260"><subfield code="a">Roanoke, Va. :</subfield><subfield code="b">Times-World Corp.,</subfield><subfield code="c">1970-1977.</subfield></datafield><datafield ind1=" " ind2=" " tag="300"><subfield code="a">v.</subfield></datafield><datafield ind1=" " ind2=" " tag="310"><subfield code="a">Daily (except Sun.)</subfield></datafield><datafield ind1="0" ind2=" " tag="362"><subfield code="a">Vol. 135, no. 136 (June 8, 1970)-v. 149, no. 65 (Apr. 1, 1977).</subfield></datafield><datafield ind1=" " ind2=" " tag="500"><subfield code="a">Saturday edition published jointly with the, Roanoke times (Roanoke, Va : 1897 : Daily), as the : Roanoke times and World-news, v. 1, no. 10 (Sept. 4, 1976)-v.2, no. 26 (Mar. 26, 1977).</subfield></datafield><datafield ind1=" " ind2=" " tag="525"><subfield code="a">Includes supplements.</subfield></datafield><datafield ind1=" " ind2=" " tag="530"><subfield code="a">Available on microfilm from Bell &amp; Howell.</subfield></datafield><datafield ind1=" " ind2="0" tag="651"><subfield code="a">Roanoke (Va.)</subfield><subfield code="v">Newspapers.</subfield></datafield><datafield ind1=" " ind2="7" tag="655"><subfield code="a">Newspapers.</subfield><subfield code="2">fast</subfield><subfield code="0">(OCoLC)fst01423814</subfield></datafield><datafield ind1=" " ind2="7" tag="651"><subfield code="a">Virginia</subfield><subfield code="z">Roanoke.</subfield><subfield code="2">fast</subfield><subfield code="0">(OCoLC)fst01206560</subfield></datafield><datafield ind1=" " ind2=" " tag="752"><subfield code="a">United States</subfield><subfield code="b">Virginia</subfield><subfield code="d">Roanoke.</subfield></datafield><datafield ind1="0" ind2="0" tag="780"><subfield code="t">Roanoke world news</subfield><subfield code="w">(DLC)sn 95079487</subfield></datafield><datafield ind1="0" ind2="7" tag="785"><subfield code="t">Roanoke times (Roanoke, Va. : 1897 : Daily)</subfield><subfield code="x">2166-7969</subfield><subfield code="w">(DLC)sn 95079490</subfield><subfield code="w">(OCoLC)31849781</subfield></datafield><datafield ind1="0" ind2="7" tag="785"><subfield code="t">Roanoke times &amp; world news</subfield><subfield code="w">(DLC)sn 83045842</subfield><subfield code="w">(OCoLC)9725349</subfield></datafield></record>